<?xml version="1.0" encoding="UTF-8"?>
<record>
  <leader>01083nam#a2200337#c#4500</leader>
  <controlfield tag="005">20221108111000.0</controlfield>
  <controlfield tag="007">cr#|||||||||||</controlfield>
  <controlfield tag="008">200603|2010####gw######o#####|||#|#ger#c</controlfield>
  <controlfield tag="003">DE-605</controlfield>
  <controlfield tag="001">990366624790206441</controlfield>
  <datafield tag="020" ind1=" " ind2=" ">
    <subfield code="a">9783531922089</subfield>
    <subfield code="c">eBook</subfield>
    <subfield code="9">978-3-5319-2208-9</subfield>
  </datafield>
  <datafield tag="035" ind1=" " ind2=" ">
    <subfield code="a">(DE-605)HT020469610</subfield>
  </datafield>
  <datafield tag="040" ind1=" " ind2=" ">
    <subfield code="c">DE-605</subfield>
    <subfield code="a">Hag 4</subfield>
    <subfield code="b">ger</subfield>
    <subfield code="d">575</subfield>
    <subfield code="e">rda</subfield>
    <subfield code="d">DE-605</subfield>
  </datafield>
  <datafield tag="041" ind1=" " ind2=" ">
    <subfield code="a">ger</subfield>
  </datafield>
  <datafield tag="044" ind1=" " ind2=" ">
    <subfield code="c">XA-DE</subfield>
  </datafield>
  <datafield tag="100" ind1="1" ind2=" ">
    <subfield code="a">Gramelt, Katja</subfield>
    <subfield code="0">(DE-588)140303286</subfield>
    <subfield code="4">aut</subfield>
    <subfield code="0">https://portal.dnb.de/opac.htm?method=simpleSearch&amp;cqlMode=true&amp;query=idn=140303286</subfield>
    <subfield code="0">http://viaf.org/viaf/sourceID/DNB|140303286</subfield>
    <subfield code="B">GND-140303286</subfield>
  </datafield>
  <datafield tag="245" ind1="1" ind2="0">
    <subfield code="a">&lt;&lt;Der&gt;&gt; Anti-Bias-Ansatz</subfield>
    <subfield code="b">Zu Konzept und Praxis einer Pädagogik für den Umgang mit (kultureller) Vielfalt</subfield>
    <subfield code="c">Katja Gramelt</subfield>
  </datafield>
  <datafield tag="264" ind1=" " ind2="1">
    <subfield code="a">Wiesbaden</subfield>
    <subfield code="b">VS Verlag fur Sozialwissenschaften GmbH</subfield>
    <subfield code="c">2010</subfield>
  </datafield>
  <datafield tag="300" ind1=" " ind2=" ">
    <subfield code="a">1 Online-Ressource (230 Seiten)</subfield>
  </datafield>
  <datafield tag="336" ind1=" " ind2=" ">
    <subfield code="b">txt</subfield>
  </datafield>
  <datafield tag="337" ind1=" " ind2=" ">
    <subfield code="b">c</subfield>
  </datafield>
  <datafield tag="338" ind1=" " ind2=" ">
    <subfield code="b">cr</subfield>
  </datafield>
  <datafield tag="035" ind1=" " ind2=" ">
    <subfield code="a">(DE-599)HBZHT020469610</subfield>
  </datafield>
  <datafield tag="960" ind1="1" ind2=" ">
    <subfield code="i">iall</subfield>
  </datafield>
  <datafield tag="962" ind1=" " ind2=" ">
    <subfield code="e">ZDB-30-PQE</subfield>
  </datafield>
  <datafield tag="964" ind1="0" ind2="s">
    <subfield code="F">051</subfield>
    <subfield code="A">m|||||||</subfield>
  </datafield>
  <datafield tag="964" ind1="0" ind2="i">
    <subfield code="I">marc-FMT via MAB2MARC</subfield>
    <subfield code="F">FMT</subfield>
    <subfield code="A">BK</subfield>
  </datafield>
  <datafield tag="964" ind1="0" ind2="s">
    <subfield code="F">030</subfield>
    <subfield code="A">a|zur||||||17</subfield>
  </datafield>
  <datafield tag="964" ind1="0" ind2="s">
    <subfield code="F">050</subfield>
    <subfield code="A">||||||||g|||||</subfield>
  </datafield>
  <datafield tag="912" ind1=" " ind2=" ">
    <subfield code="a">ZDB-30-PQE</subfield>
  </datafield>
  <datafield tag="776" ind1="0" ind2="8">
    <subfield code="i">Erscheint auch als</subfield>
    <subfield code="n">Druck-Ausgabe</subfield>
    <subfield code="z">9783531171333</subfield>
    <subfield code="9">978-3-5311-7133-3</subfield>
  </datafield>
  <datafield tag="591" ind1=" " ind2=" ">
    <subfield code="a">Gesehen am: 03.06.2020 (Startseite)</subfield>
  </datafield>
  <datafield tag="MBD" ind1=" " ind2=" ">
    <subfield code="M">49HBZ_NETWORK</subfield>
    <subfield code="i">990366624790206441</subfield>
    <subfield code="n">HBZ Network</subfield>
  </datafield>
  <datafield tag="MBD" ind1=" " ind2=" ">
    <subfield code="M">49HBZ_FSW</subfield>
    <subfield code="i">990012937280106461</subfield>
    <subfield code="n">Fachhochschule Südwestfalen</subfield>
  </datafield>
  <datafield tag="MBD" ind1=" " ind2=" ">
    <subfield code="M">49HBZ_DET</subfield>
    <subfield code="i">991006843529706480</subfield>
    <subfield code="n">Hochschule für Musik Detmold / Lippische Landesbibliothek</subfield>
  </datafield>
  <datafield tag="MNG" ind1=" " ind2=" ">
    <subfield code="c">System</subfield>
    <subfield code="f">HBZ</subfield>
    <subfield code="i">marc21</subfield>
    <subfield code="h">20221108111000.0</subfield>
    <subfield code="k">01</subfield>
    <subfield code="e">false</subfield>
    <subfield code="d">2022-11-09 04:10:13 Europe/Berlin</subfield>
    <subfield code="g">036662479-HBZ01</subfield>
    <subfield code="j">60</subfield>
    <subfield code="a">import</subfield>
    <subfield code="b">2021-04-06 02:48:37 Europe/Berlin</subfield>
  </datafield>
  <datafield tag="POR" ind1=" " ind2=" ">
    <subfield code="j">Ebook Central</subfield>
    <subfield code="x">System</subfield>
    <subfield code="a">5378132900006461</subfield>
    <subfield code="h">EZproxy</subfield>
    <subfield code="M">49HBZ_FSW</subfield>
    <subfield code="k">Online-Zugriff: 
- Off-Campus-Zugang
- Shibboleth</subfield>
    <subfield code="p">6182778260006461</subfield>
    <subfield code="q">Ebook Central (Proquest)</subfield>
    <subfield code="c">param</subfield>
    <subfield code="l">Zugriff nur im Hochschulnetz der Fachhochschule Südwestfalen bzw. für autorisierte Benutzer</subfield>
    <subfield code="o">614330000000000002</subfield>
    <subfield code="y">2023-09-03 12:02:23 Europe/Berlin</subfield>
    <subfield code="w">2022-06-19 18:15:46 Europe/Berlin</subfield>
    <subfield code="D">https://eu04.alma.exlibrisgroup.com/view/uresolver/49HBZ_NETWORK/openurl?u.ignore_date_coverage=true&amp;portfolio_pid=5378132900006461&amp;Force_direct=true</subfield>
    <subfield code="v">P2E_JOB</subfield>
    <subfield code="z">2022-06-19 16:15:46</subfield>
    <subfield code="i">true</subfield>
    <subfield code="g">I500E</subfield>
    <subfield code="S">6282778250006461</subfield>
    <subfield code="d">https://hbz-network.userservices.exlibrisgroup.com/view/uresolver/49HBZ_NETWORK/openurl?u.ignore_date_coverage=true&amp;rft.mms_id=990012937280106461</subfield>
    <subfield code="b">Available</subfield>
    <subfield code="f">BOOK</subfield>
    <subfield code="8">5378132900006461</subfield>
  </datafield>
  <datafield tag="POR" ind1=" " ind2=" ">
    <subfield code="x">1lb-2ew</subfield>
    <subfield code="a">53102917670006480</subfield>
    <subfield code="M">49HBZ_DET</subfield>
    <subfield code="c">static</subfield>
    <subfield code="y">2023-09-28 16:34:04 Europe/Berlin</subfield>
    <subfield code="w">2023-08-15 14:00:18 Europe/Berlin</subfield>
    <subfield code="D">https://eu04.alma.exlibrisgroup.com/view/uresolver/49HBZ_NETWORK/openurl?u.ignore_date_coverage=true&amp;portfolio_pid=53102917670006480&amp;Force_direct=true</subfield>
    <subfield code="v">P2E_JOB</subfield>
    <subfield code="z">2023-08-15 14:34:04</subfield>
    <subfield code="i">false</subfield>
    <subfield code="g">HfM</subfield>
    <subfield code="S">52102917680006480</subfield>
    <subfield code="d">https://hbz-network.userservices.exlibrisgroup.com/view/uresolver/49HBZ_NETWORK/openurl?u.ignore_date_coverage=true&amp;rft.mms_id=991006843529706480</subfield>
    <subfield code="b">Available</subfield>
    <subfield code="f">BOOK</subfield>
    <subfield code="e">https://ebookcentral.proquest.com/lib/hfm-detmold/detail.action?docID=748799</subfield>
    <subfield code="8">53102917670006480</subfield>
  </datafield>
  <datafield tag="GSI" ind1="7" ind2=" ">
    <subfield code="a">140303286</subfield>
    <subfield code="0">http://d-nb.info/gnd/140303286</subfield>
    <subfield code="2">gnd</subfield>
    <subfield code="A">GND</subfield>
    <subfield code="B">GND-140303286</subfield>
    <subfield code="C">024</subfield>
  </datafield>
</record>
